@inproceedings{reynaud22_iberspeech,
  author    = {Filipe Reynaud and Eugénio Ribeiro and David Martins de Matos},
  title     = {{Active Learning Improves the Teacher’s Experience: A Case Study in a Language Grounding Scenario }},
  year      = 2022,
  booktitle = {Proc. IberSPEECH 2022},
  pages     = {141--145},
  doi       = {10.21437/IberSPEECH.2022-29}
}

